@article{srcnn,
  title={Image super-resolution using deep convolutional networks},
  author={Dong, Chao and Loy, Chen Change and He, Kaiming and Tang, Xiaoou},
  journal={IEEE transactions on pattern analysis and machine intelligence},
  volume={38},
  number={2},
  pages={295--307},
  year={2015},
  publisher={IEEE}
}
@inproceedings{vdsr,
  title={Accurate image super-resolution using very deep convolutional networks},
  author={Kim, Jiwon and Lee, Jung Kwon and Lee, Kyoung Mu},
  booktitle={Proceedings of the IEEE conference on computer vision and pattern recognition},
  pages={1646--1654},
  year={2016}
}
@inproceedings{fsrcnn,
  title={Accelerating the super-resolution convolutional neural network},
  author={Dong, Chao and Loy, Chen Change and Tang, Xiaoou},
  booktitle={European conference on computer vision},
  pages={391--407},
  year={2016},
  organization={Springer}
}
@inproceedings{edsr,
  title={Enhanced deep residual networks for single image super-resolution},
  author={Lim, Bee and Son, Sanghyun and Kim, Heewon and Nah, Seungjun and Mu Lee, Kyoung},
  booktitle={Proceedings of the IEEE conference on computer vision and pattern recognition workshops},
  pages={136--144},
  year={2017}
}
@inproceedings{espcn,
  title={Real-time single image and video super-resolution using an efficient sub-pixel convolutional neural network},
  author={Shi, Wenzhe and Caballero, Jose and Husz{\'a}r, Ferenc and Totz, Johannes and Aitken, Andrew P and Bishop, Rob and Rueckert, Daniel and Wang, Zehan},
  booktitle={Proceedings of the IEEE conference on computer vision and pattern recognition},
  pages={1874--1883},
  year={2016}
}
@inproceedings{lapsrn,
  title={Deep laplacian pyramid networks for fast and accurate super-resolution},
  author={Lai, Wei-Sheng and Huang, Jia-Bin and Ahuja, Narendra and Yang, Ming-Hsuan},
  booktitle={Proceedings of the IEEE conference on computer vision and pattern recognition},
  pages={624--632},
  year={2017}
}
@article{drcn,
  author    = {Jiwon Kim and
               Jung Kwon Lee and
               Kyoung Mu Lee},
  title     = {Deeply-Recursive Convolutional Network for Image Super-Resolution},
  journal   = {CoRR},
  volume    = {abs/1511.04491},
  year      = {2015},
  url       = {http://arxiv.org/abs/1511.04491},
  archivePrefix = {arXiv},
  eprint    = {1511.04491},
  timestamp = {Mon, 13 Aug 2018 16:48:16 +0200},
  biburl    = {https://dblp.org/rec/journals/corr/KimLL15a.bib},
  bibsource = {dblp computer science bibliography, https://dblp.org}
}
@inproceedings{drrn,
  title={Image super-resolution via deep recursive residual network},
  author={Tai, Ying and Yang, Jian and Liu, Xiaoming},
  booktitle={Proceedings of the IEEE conference on computer vision and pattern recognition},
  pages={3147--3155},
  year={2017}
}
@article{memnet,
  author    = {Ying Tai and
               Jian Yang and
               Xiaoming Liu and
               Chunyan Xu},
  title     = {MemNet: {A} Persistent Memory Network for Image Restoration},
  journal   = {CoRR},
  volume    = {abs/1708.02209},
  year      = {2017},
  url       = {http://arxiv.org/abs/1708.02209},
  archivePrefix = {arXiv},
  eprint    = {1708.02209},
  timestamp = {Mon, 13 Aug 2018 16:48:09 +0200},
  biburl    = {https://dblp.org/rec/journals/corr/abs-1708-02209.bib},
  bibsource = {dblp computer science bibliography, https://dblp.org}
}
@inproceedings{ledig2017photo,
  title={Photo-realistic single image super-resolution using a generative adversarial network},
  author={Ledig, Christian and Theis, Lucas and Husz{\'a}r, Ferenc and Caballero, Jose and Cunningham, Andrew and Acosta, Alejandro and Aitken, Andrew and Tejani, Alykhan and Totz, Johannes and Wang, Zehan and others},
  booktitle={Proceedings of the IEEE conference on computer vision and pattern recognition},
  pages={4681--4690},
  year={2017}
}
@inproceedings{rcan,
  title={Image super-resolution using very deep residual channel attention networks},
  author={Zhang, Yulun and Li, Kunpeng and Li, Kai and Wang, Lichen and Zhong, Bineng and Fu, Yun},
  booktitle={Proceedings of the European conference on computer vision (ECCV)},
  pages={286--301},
  year={2018}
}
@article{sa,
  title={Learning spatial attention for face super-resolution},
  author={Chen, Chaofeng and Gong, Dihong and Wang, Hao and Li, Zhifeng and Wong, Kwan-Yee K},
  journal={IEEE Transactions on Image Processing},
  volume={30},
  pages={1219--1231},
  year={2020},
  publisher={IEEE}
}
@inproceedings{attention-fl,
  title={Attention-aware face hallucination via deep reinforcement learning},
  author={Cao, Qingxing and Lin, Liang and Shi, Yukai and Liang, Xiaodan and Li, Guanbin},
  booktitle={Proceedings of the IEEE Conference on Computer Vision and Pattern Recognition},
  pages={690--698},
  year={2017}
}
@inproceedings{pan,
  title={Efficient image super-resolution using pixel attention},
  author={Zhao, Hengyuan and Kong, Xiangtao and He, Jingwen and Qiao, Yu and Dong, Chao},
  booktitle={European Conference on Computer Vision},
  pages={56--72},
  year={2020},
  organization={Springer}
}
@inproceedings{idn,
  title={Fast and accurate single image super-resolution via information distillation network},
  author={Hui, Zheng and Wang, Xiumei and Gao, Xinbo},
  booktitle={Proceedings of the IEEE conference on computer vision and pattern recognition},
  pages={723--731},
  year={2018}
}
@article{prun,
  title={Learning both weights and connections for efficient neural networks},
  author={Han, Song and Pool, Jeff and Tran, John and Dally, William J},
  journal={arXiv preprint arXiv:1506.02626},
  year={2015}
}
@inproceedings{prun1,
  title={Centripetal sgd for pruning very deep convolutional networks with complicated structure},
  author={Ding, Xiaohan and Ding, Guiguang and Guo, Yuchen and Han, Jungong},
  booktitle={Proceedings of the IEEE/CVF Conference on Computer Vision and Pattern Recognition},
  pages={4943--4953},
  year={2019}
}
@inproceedings{prun2,
  title={VACL: variance-aware cross-layer regularization for pruning deep residual networks},
  author={Gao, Susan and Liu, Xin and Chien, Lung-Sheng and Zhang, William and Alvarez, Jose M},
  booktitle={Proceedings of the IEEE/CVF International Conference on Computer Vision Workshops},
  pages={0--0},
  year={2019}
}
@article{prun3,
  title={Gate decorator: Global filter pruning method for accelerating deep convolutional neural networks},
  author={You, Zhonghui and Yan, Kun and Ye, Jinmian and Ma, Meng and Wang, Ping},
  journal={arXiv preprint arXiv:1909.08174},
  year={2019}
}
@inproceedings{hcsrn,
  title={Adaptive hybrid composition based super-resolution network via fine-grained channel pruning},
  author={Chen, Siang and Huang, Kai and Li, Bowen and Xiong, Dongliang and Jiang, Haitian and Claesen, Luc},
  booktitle={European Conference on Computer Vision},
  pages={119--135},
  year={2020},
  organization={Springer}
}
@inproceedings{aim2020,
  title={AIM 2020 challenge on efficient super-resolution: Methods and results},
  author={Zhang, Kai and Danelljan, Martin and Li, Yawei and Timofte, Radu and Liu, Jie and Tang, Jie and Wu, Gangshan and Zhu, Yu and He, Xiangyu and Xu, Wenjie and others},
  booktitle={European Conference on Computer Vision},
  pages={5--40},
  year={2020},
  organization={Springer}
}
@inproceedings{imdn,
  title={Lightweight image super-resolution with information multi-distillation network},
  author={Hui, Zheng and Gao, Xinbo and Yang, Yunchu and Wang, Xiumei},
  booktitle={Proceedings of the 27th ACM International Conference on Multimedia},
  pages={2024--2032},
  year={2019}
}
@inproceedings{div2k,
  title={Ntire 2017 challenge on single image super-resolution: Methods and results},
  author={Timofte, Radu and Agustsson, Eirikur and Van Gool, Luc and Yang, Ming-Hsuan and Zhang, Lei},
  booktitle={Proceedings of the IEEE conference on computer vision and pattern recognition workshops},
  pages={114--125},
  year={2017}
}
@article{adam,
  title={Adam: A method for stochastic optimization},
  author={Kingma, Diederik P and Ba, Jimmy},
  journal={arXiv preprint arXiv:1412.6980},
  year={2014}
}
@article{loss,
  title={Image quality assessment: from error visibility to structural similarity},
  author={Wang, Zhou and Bovik, Alan C and Sheikh, Hamid R and Simoncelli, Eero P},
  journal={IEEE transactions on image processing},
  volume={13},
  number={4},
  pages={600--612},
  year={2004},
  publisher={IEEE}
}
@inproceedings{pixleshuffle,
  title={Real-time single image and video super-resolution using an efficient sub-pixel convolutional neural network},
  author={Shi, Wenzhe and Caballero, Jose and Husz{\'a}r, Ferenc and Totz, Johannes and Aitken, Andrew P and Bishop, Rob and Rueckert, Daniel and Wang, Zehan},
  booktitle={Proceedings of the IEEE conference on computer vision and pattern recognition},
  pages={1874--1883},
  year={2016}
}
@inproceedings{scnet,
  title={Improving convolutional networks with self-calibrated convolutions},
  author={Liu, Jiang-Jiang and Hou, Qibin and Cheng, Ming-Ming and Wang, Changhu and Feng, Jiashi},
  booktitle={Proceedings of the IEEE/CVF Conference on Computer Vision and Pattern Recognition},
  pages={10096--10105},
  year={2020}
}